%% This BibTeX bibliography file was created using BibDesk.
%% http://bibdesk.sourceforge.net/


%% Created for Jui-Hsien Wang at 2015-04-12 23:12:46 -0400 


%% Saved with string encoding Unicode (UTF-8) 



@url{oceansound_soft,
	Author = {URL},
	Date-Added = {2015-04-10 03:30:50 +0000},
	Date-Modified = {2015-04-10 03:33:59 +0000},
	Title = {Ocean Sound Soft.}}

@article{verron2010,
	Author = {C. Verron and M. Aramaki and R. Kronland-Martinet and G. Pallone},
	Date-Added = {2015-04-10 03:06:32 +0000},
	Date-Modified = {2015-04-10 03:07:15 +0000},
	Journal = {IEEE Transactions on Audio, Speech and Language Processing},
	Title = {A 3D Immersive Synthesizer for Spatialized Environmental Sounds},
	Volume = {6},
	Year = {18}}

@article{dobashi2003, 
    Author = {Yoshinori Dobashi and Tsuyoshi Yamamoto and Tomoyuki Nishita}, 
    Journal = { ACM Trans. on Graphics (Proc. SIGGRAPH)}, 
    Title = {Real-time Rendering of Aerodynamic Sound Using Sound Textures based on Computational Fluid Dynamics}, 
    Volume = {22}, 
    Number = {3}, 
    Year = {2003}}


@article{mcdermott2013,
	Author = {J. H. McDermott and M. Schemitsch and E. P. Simoncelli},
	Date-Added = {2015-04-10 02:49:39 +0000},
	Date-Modified = {2015-04-10 02:50:19 +0000},
	Journal = {Nature Neuroscience},
	Title = {Summary statistics in auditory perception},
	Volume = {16},
	Year = {2013}}

@article{mcdermott2011,
	Author = {J. H. McDermott and E. P. Simoncelli},
	Date-Added = {2015-04-10 02:45:24 +0000},
	Date-Modified = {2015-04-10 02:49:38 +0000},
	Journal = {Neuron},
	Number = {5},
	Title = {Sound texture perception via statistics of the auditory periphery: evidence from sound synthesis},
	Volume = {71},
	Year = {2011}}

@article{medwin1989,
	Author = {H. Medwin and M. M. Beaky},
	Date-Added = {2015-04-10 02:04:03 +0000},
	Date-Modified = {2015-04-10 02:05:04 +0000},
	Journal = {J. Acoust. Soc. Am.},
	Number = {3},
	Title = {Bubble sources of the Knudsen sea noise spectra},
	Volume = {86},
	Year = {1989}}

@article{leroy2005,
	Author = {V. Leroy and M. Devaud and T. Hocquet and J.-C. Bacri},
	Date-Added = {2015-04-10 01:46:27 +0000},
	Date-Modified = {2015-04-10 01:47:48 +0000},
	Journal = {Eur. Phys. J. E},
	Title = {The bubble cloud as an N-degree of freedom harmonic oscillator},
	Volume = {17},
	Year = {2005}}
